@article{aliaga2017appearance,
	title={An appearance model for textile fibers},
	author={Aliaga, Carlos and Castillo, Carlos and Gutierrez, Diego and Otaduy, Miguel A and Lopez-Moreno, Jorge and Jarabo, Adrian},
	journal={Computer Graphics Forum},
	volume={36},
	number={4},
	pages={35--45},
	year={2017},
}

@article{ament2014refractive,
	title={Refractive radiative transfer equation},
	author={Ament, Marco and Bergmann, Christoph and Weiskopf, Daniel},
	journal = {ACM Trans. Graph.},
	volume={33},
	number={2},
	pages={1--22},
	year={2014},
	publisher={ACM New York, NY, USA}
}

@article{bar2019monte,
	title={A Monte Carlo framework for rendering speckle statistics in scattering media},
	author={Bar, Chen and Alterman, Marina and Gkioulekas, Ioannis and Levin, Anat},
	journal = {ACM Trans. Graph.},
	volume={38},
	number={4},
	pages={1--22},
	year={2019},
	publisher={ACM New York, NY, USA}
}

@article{bar2020rendering,
	title={Rendering near-field speckle statistics in scattering media},
	author={Bar, Chen and Gkioulekas, Ioannis and Levin, Anat},
	journal = {ACM Trans. Graph.},
	volume={39},
	number={6},
	pages={1--18},
	year={2020},
	publisher={ACM New York, NY, USA}
}

@article{belcour2017practical,
	title={A practical extension to microfacet theory for the modeling of varying iridescence},
	author={Belcour, Laurent and Barla, Pascal},
	journal={ACM Transactions on Graphics (TOG)},
	volume={36},
	number={4},
	pages={1--14},
	year={2017},
	publisher={ACM New York, NY, USA}
}

@article{belcour2018efficient,
	title = {{Efficient Rendering of Layered Materials Using an Atomic Decomposition with Statistical Operators}},
	author = {Belcour, Laurent},
	journal = {ACM Transactions on Graphics},
	volume = {37},
	number = {4},
	pages = {1--15},
	year = {2018}
}

@article{bitterli2018radiative,
	title = {{A radiative transfer framework for non-exponential media}},
	author = {Bitterli, Benedikt and Ravichandran, Srinath and M{\"u}ller, Thomas and Wrenninge, Magnus and Nov{\'a}k, Jan and Marschner, Steve and Jarosz, Wojciech},
	journal = {ACM Transactions on Graphics},
	volume = {37},
	number = {6},
	pages = {225},
	year = {2018}
}

@article{cook1982reflectance,
	title = {{A Reflectance Model for Computer Graphics}},
	author = {Cook, Robert L and Torrance, Kenneth E.},
	journal = {ACM Transactions on Graphics},
	volume = {1},
	number = {1},
	pages = {7--24},
	year = {1982}
}

@article{cuypers2012reflectance,
	title={Reflectance model for diffraction},
	author={Cuypers, Tom and Haber, Tom and Bekaert, Philippe and Oh, Se Baek and Raskar, Ramesh},
	journal={ACM Transactions on Graphics (TOG)},
	volume={31},
	number={5},
	pages={1--11},
	year={2012},
	publisher={ACM New York, NY, USA}
}

@article{dong2015predicting,
	title={Predicting appearance from measured microgeometry of metal surfaces},
	author={Dong, Zhao and Walter, Bruce and Marschner, Steve and Greenberg, Donald P},
	journal = {ACM Trans. Graph.},
	volume={35},
	number={1},
	pages={1--13},
	year={2015},
	publisher={ACM New York, NY, USA}
}

@article{donner2008layered,
	title = {{A layered, heterogeneous reflectance model for acquiring and rendering human skin}},
	author = {Donner, Craig and Weyrich, Tim and d'Eon, Eugene and Ramamoorthi, Ravi and Rusinkiewicz, Szymon},
	journal = {ACM Transactions on Graphics},
	volume = {27},
	number = {5},
	pages = {1--12},
	year = {2008}
}

@article{egel2017celes,
	title={CELES: CUDA-accelerated simulation of electromagnetic scattering by large ensembles of spheres},
	author={Egel, Amos and Pattelli, Lorenzo and Mazzamuto, Giacomo and Wiersma, Diederik S and Lemmer, Uli},
	journal={Journal of Quantitative Spectroscopy and Radiative Transfer},
	volume={199},
	pages={103--110},
	year={2017},
	publisher={Elsevier}
}

@inproceedings{falster2020computing,
	title={Computing the Bidirectional Scattering of a Microstructure Using Scalar Diffraction Theory and Path Tracing},
	author={Falster, Viggo and Jarabo, Adrian and Frisvad, Jeppe Revall},
	booktitle={Computer Graphics Forum},
	volume={39},
	number={7},
	pages={231--242},
	year={2020},
	organization={Wiley Online Library}
}

@article{foldy1945multiple,
	title={The multiple scattering of waves. I. General theory of isotropic scattering by randomly distributed scatterers},
	author={Foldy, Leslie L},
	journal={Physical review},
	volume={67},
	number={3-4},
	pages={107},
	year={1945},
	publisher={APS}
}

@article{frisvad2007computing,
	title = {{Computing the Scattering Properties of Participating Media Using Lorenz-Mie Theory}},
	author = {Frisvad, Jeppe Revall and Christensen, Niels J{\o}rgen and Jensen, Henrik Wann},
	journal = {ACM Transactions on Graphics},
	volume = {26},
	number = {3},
	pages = {60--es},
	year={2007}
}

@article{frisvad2014directional,
	title = {{Directional Dipole Model for Subsurface Scattering}},
	author = {Frisvad, Jeppe Revall and Hachisuka, Toshiya and Kjeldsen, Thomas Kim},
	journal = {ACM Transactions on Graphics},
	volume = {34},
	number = {1},
	pages = {1--12},
	year = {2014}
} 

@article{frisvad2020survey,
	title={Survey of models for acquiring the optical properties of translucent materials},
	author={Frisvad, Jeppe Revall and Jensen, S{\o}ren Alk{\ae}rsig and Madsen, Jonas Skovlund and Correia, Ant{\^o}nio and Yang, Li and Gregersen, S{\O}ren Kimmer Schou and Meuret, Youri and Hansen, P-E},
	journal={Computer Graphics Forum},
	volume={39},
	number={2},
	pages={729--755},
	year={2020},
}

@article{gkioulekas2013understanding,
	title={Understanding the role of phase function in translucent appearance},
	author={Gkioulekas, Ioannis and Xiao, Bei and Zhao, Shuang and Adelson, Edward H and Zickler, Todd and Bala, Kavita},
	journal = {ACM Trans. Graph.},
	volume={32},
	number={5},
	pages={1--19},
	year={2013},
	publisher={ACM New York, NY, USA}
}

@article{glantschnig1981light,
	title={Light scattering from water droplets in the geometrical optics approximation},
	author={Glantschnig, Werner J and Chen, Sow-Hsin},
	journal={Applied Optics},
	volume={20},
	number={14},
	pages={2499--2509},
	year={1981},
	publisher={Optical Society of America}
}

@inproceedings{gondek1994wavelength,
	title={Wavelength dependent reflectance functions},
	author={Gondek, Jay S and Meyer, Gary W and Newman, Jonathan G},
	booktitle={Proceedings of the 21st annual conference on Computer graphics and interactive techniques},
	pages={213--220},
	year={1994}
}

@article{guillen2020general,
	title={A general framework for pearlescent materials},
	author={Guill{\'e}n, Ib{\'o}n and Marco, Julio and Gutierrez, Diego and Jakob, Wenzel and Jarabo, Adrian},
	journal = {ACM Trans. Graph.},
	volume={39},
	number={6},
	pages={1--15},
	year={2020},
	publisher={ACM New York, NY, USA}
}

@article{guo2016rendering,
	title = {{Rendering Thin Transparent Layers with Extended Normal Distribution Functions}},
	author = {Guo, Jie and Qian, Jinghui and Guo, Yanwen and Pan, Jingui},
	journal = {IEEE Transactions on Visualization and Computer Graphics},
	volume = {23},
	number = {9},
	pages = {2108--2119},
	year = {2016}
}

@article{guo2020bayesian,
	title = {{A Bayesian Inference Framework for Procedural Material Parameter Estimation}},
	author = {Guo, Yu and Ha{\v{s}}an, Milo{\v{s}} and Yan, Lingqi and Zhao, Shuang},
	journal = {Computer Graphics Forum},
	volume = {39},
	number = {7},
	pages = {255--266},
	year = {2020}
}

@article{guo2020materialgan,
	title = {{MaterialGAN: Reflectance Capture Using a Generative SVBRDF Model}},
	author = {Guo, Yu and Smith, Cameron and Ha{\v{s}}an, Milo{\v{s}} and Sunkavalli, Kalyan and Zhao, Shuang},
	journal = {ACM Transactions on Graphics},
	volume = {39},
	number = {6},
	pages = {1--13},
	year = {2020}
}

@article{guo2018position,
	title = {{Position-free Monte Carlo Simulation for Arbitrary Layered BSDFs}},
	author = {Guo, Yu and Ha{\v{s}}an, Milo{\v{s}} and Zhao, Shuang},
	journal = {ACM Transactions on Graphics},
	volume = {37},
	number = {6},
	pages = {1--14},
	year = {2018}
}  

@article{guo2021rendering,
	title={Rendering Discrete Participating Media with Geometrical Optics Approximation},
	author={Guo, Jie and Hu, Bingyang and Chen, Yanjun and Li, Yuanqi and Guo, Yanwen and Yan, Ling-Qi},
	journal={arXiv preprint arXiv:2102.12285},
	year={2021}
}

@article{gutierrez2008visualizing,
	title={Visualizing underwater ocean optics},
	author={Gutierrez, Diego and Seron, Francisco J and Munoz, Adolfo and Anson, Oscar},
	journal={Computer Graphics Forum},
	volume={27},
	number={2},
	pages={547--556},
	year={2008},
}

@inproceedings{hanrahan1993reflection,
	title = {{Reflection from Layered Surfaces Due to Subsurface Scattering}},
	author = {Hanrahan, Pat and Krueger, Wolfgang},
	booktitle = {Proceedings of the 20th Annual Conference on Computer Graphics and Interactive Techniques},
	series = {SIGGRAPH '93},
	pages = {165--174},
	year = {1993}
}

@article{he1991comprehensive,
	title={A comprehensive physical model for light reflection},
	author={He, Xiao D and Torrance, Kenneth E and Sillion, Francois X and Greenberg, Donald P},
	journal={ACM SIGGRAPH computer graphics},
	volume={25},
	number={4},
	pages={175--186},
	year={1991},
	publisher={ACM New York, NY, USA}
}

@article{heitz2015sggx,
	title = {{The SGGX microflake distribution}},
	author = {Heitz, Eric and Dupuy, Jonathan and Crassin, Cyril and Dachsbacher, Carsten},
	journal = {ACM Transactions on Graphics},
	volume = {34},
	number = {4},
	pages = {1--11},
	year = {2015}
}

@article{heitz2016multiple,
	title = {{Multiple-scattering Microfacet BSDFs With the Smith Model}},
	author = {Heitz, Eric and Hanika, Johannes and d'Eon, Eugene and Dachsbacher, Carsten},
	journal = {ACM Transactions on Graphics},
	volume = {35},
	number = {4},
	pages = {1--14},
	year = {2016}
}

@article{henyey1941diffuse,
	title={Diffuse radiation in the galaxy},
	author={Henyey, Louis G and Greenstein, Jesse Leonard},
	journal={The Astrophysical Journal},
	volume={93},
	pages={70--83},
	year={1941}
}

@article{holzschuch2017two,
	title={A two-scale microfacet reflectance model combining reflection and diffraction},
	author={Holzschuch, Nicolas and Pacanowski, Romain},
	journal={ACM Transactions on Graphics (TOG)},
	volume={36},
	number={4},
	pages={1--12},
	year={2017},
	publisher={ACM New York, NY, USA}
}

@book{hulst1981light,
	title = {{Light Scattering by Small Particles}},
	author = {{van der Hulst}, Hendrik Christoffel},
	publisher = {Courier Corporation},
	year = {1981}
}

@article{jackel1997modeling,
	title={Modeling and rendering of the atmosphere using Mie-scattering},
	author={Jackel, Dietmar and Walter, Bruce},
	journal={Computer Graphics Forum},
	volume={16},
	number={4},
	pages={201--210},
	year={1997},
}

@misc{jakob2010mitsuba,
	title = {{Mitsuba Renderer}},
	author = {Wenzel Jakob},
	howpublished = {\url{http://www.mitsuba-renderer.org}},
	year = {2010}
} 

@article{jakob2010radiative,
	title = {{A Radiative Transfer Framework for Rendering Materials with Anisotropic Structure}},
	author = {Jakob, Wenzel and Arbree, Adam and Moon, Jonathan T. and Bala, Kavita and Marschner, Steve},
	journal = {ACM Transactions on Graphics},
	volume = {29},
	number = {4},
	pages = {1--13},
	year = {2010}
}

@article{jakob2014comprehensive,
	title = {{A Comprehensive Framework for Rendering Layered Materials}},
	author = {Jakob, Wenzel and d'Eon, Eugene and Jakob, Otto and Marschner, Steve},
	journal = {ACM Transactions on Graphics},
	volume = {33},
	number = {4},
	pages = {1--14},
	year = {2014}
}

@article{jarabo2018bidirectional,
	title={Bidirectional rendering of vector light transport},
	author={Jarabo, Adrian and Arellano, Victor},
	journal={Computer Graphics Forum},
	volume={37},
	number={6},
	pages={96--105},
	year={2018},
}

@article{jarabo2018radiative,
	title = {{A radiative transfer framework for spatially-correlated materials}},
	author = {Jarabo, Adrian and Aliaga, Carlos and Gutierrez, Diego},
	journal = {ACM Transactions on Graphics},
	volume = {37},
	number = {4},
	pages = {1--13},
	year = {2018}
}

@inproceedings{jensen2001practical,
	title = {{A Practical Model for Subsurface Light Transport}},
	author = {Jensen, Henrik Wann and Marschner, Stephen R and Levoy, Marc and Hanrahan, Pat},
	booktitle = {Proceedings of the 28th Annual Conference on Computer Graphics and Interactive Techniques},
	pages = {511--518},
	year = {2001}
}

@inproceedings{koerner2016subdivision,
	title = {{Subdivision Next-event Estimation for Path-traced Subsurface Scattering}},
	author = {Koerner, David and Nov\'{a}k, Jan and Kutz, Peter and Habel, Ralf and Jarosz, Wojciech},
	booktitle = {Proceedings of the Eurographics Symposium on Rendering: Experimental Ideas \& Implementations},
	pages = {91--96},
	year = {2016}
} 

@misc{laven2011mieplot,
	title={MiePlot},
	author={Laven, Philip},
	howpublished={\url{http://www.philiplaven.com/mieplot.htm}},
	year={2011}
}

@article{lax1951multiple,
	title={Multiple scattering of waves},
	author={Lax, Melvin},
	journal={Reviews of Modern Physics},
	volume={23},
	number={4},
	pages={287},
	year={1951},
	publisher={APS}
}

@article{lommel1889photometrie,
	title={Die Photometrie der diffusen Zur{\"u}ckwerfung},
	author={{von Lommel}, Eugene},
	journal={Annalen der Physik},
	year={1889},
	volume={272},
	number={2},
	pages={473--502},
}

@article{mackowski1996calculation,
	title={Calculation of the T matrix and the scattering matrix for ensembles of spheres},
	author={Mackowski, Daniel W and Mishchenko, Michael I},
	journal={JOSA A},
	volume={13},
	number={11},
	pages={2266--2278},
	year={1996},
	publisher={Optical Society of America}
}

@article{mackowski2011multiple,
	title={A multiple sphere T-matrix Fortran code for use on parallel computer clusters},
	author={Mackowski, Daniel W and Mishchenko, Michael I},
	journal={Journal of Quantitative Spectroscopy and Radiative Transfer},
	volume={112},
	number={13},
	pages={2182--2192},
	year={2011},
	publisher={Elsevier}
}

@article{meng2015multi,
	title={Multi-scale modeling and rendering of granular materials.},
	author={Meng, Johannes and Papas, Marios and Habel, Ralf and Dachsbacher, Carsten and Marschner, Steve and Gross, Markus H and Jarosz, Wojciech},
	journal={ACM Trans. Graph.},
	volume={34},
	number={4},
	pages={49--1},
	year={2015},
	publisher={Citeseer}
}

@article{mishchenko2002vector,
	title = {{Vector Radiative Transfer Equation for Arbitrarily Shaped and Arbitrarily Oriented Particles: A Microphysical Derivation from Statistical Electromagnetics}},
	author = {Mishchenko, Michael I},
	journal = {Applied optics},
	volume = {41},
	number = {33},
	pages = {7114--7134},
	year = {2002}
}

@book{mishchenko2006multiple,
	title={Multiple scattering of light by particles: radiative transfer and coherent backscattering},
	author={Mishchenko, Michael I and Travis, Larry D and Lacis, Andrew A},
	year={2006},
	publisher={Cambridge University Press}
}

@inproceedings{mishchenko2013125,
	title={125 years of radiative transfer: Enduring triumphs and persisting misconceptions},
	author={Mishchenko, Michael I},
	booktitle={AIP Conference Proceedings},
	volume={1531},
	number={1},
	pages={11--18},
	year={2013},
	organization={American Institute of Physics}
}

@book{mishchenko2014electromagnetic,
	title={Electromagnetic scattering by particles and particle groups: an introduction},
	author={Mishchenko, Michael I},
	year={2014},
	publisher={Cambridge University Press}
}

@inproceedings{moravec19813d,
	title={3d graphics and the wave theory},
	author={Moravec, Hans P},
	booktitle={Proceedings of the 8th annual conference on Computer graphics and interactive techniques},
	pages={289--296},
	year={1981}
}

@article{muller2016efficient,
	title={Efficient rendering of heterogeneous polydisperse granular media},
	author={M{\"u}ller, Thomas and Papas, Marios and Gross, Markus and Jarosz, Wojciech and Nov{\'a}k, Jan},
	journal = {ACM Trans. Graph.},
	volume={35},
	number={6},
	pages={1--14},
	year={2016},
	publisher={ACM New York, NY, USA}
}

@article{musbach2013full,
	title={Full wave modelling of light propagation and reflection},
	author={Musbach, A and Meyer, GW and Reitich, F and Oh, SH},
	journal={Computer Graphics Forum},
	volume={32},
	number={6},
	pages={24--37},
	year={2013},
}

@article{novak2018monte,
	title = {{Monte Carlo Methods for Volumetric Light Transport Simulation}},
	author = {Nov{\'a}k, Jan and Georgiev, Iliyan and Hanika, Johannes and Jarosz, Wojciech},
	journal = {Computer Graphics Forum},
	volume = {37},
	number = {2},
	pages = {551--576},
	year = {2018}
}

@article{peterson1973t,
	title={T matrix for electromagnetic scattering from an arbitrary number of scatterers and representations of E (3)},
	author={Peterson, Bo and Str{\"o}m, Staffan},
	journal={Physical review D},
	volume={8},
	number={10},
	pages={3661},
	year={1973},
	publisher={APS}
}

@article{sadeghi2012physically,
	title={Physically-based simulation of rainbows},
	author={Sadeghi, Iman and Munoz, Adolfo and Laven, Philip and Jarosz, Wojciech and Seron, Francisco and Gutierrez, Diego and Jensen, Henrik Wann},
	journal = {ACM Trans. Graph.},
	volume={31},
	number={1},
	pages={1--12},
	year={2012},
	publisher={ACM New York, NY, USA}
}

@article{schussler2017microfacet,
	title = {{Microfacet-based Normal Mapping for Robust Monte Carlo Path Tracing}},
	author = {Sch{\"u}ssler, Vincent and Heitz, Eric and Hanika, Johannes and Dachsbacher, Carsten},
	journal = {ACM Transactions on Graphics},
	volume = {36},
	number ={ 6},
	pages = {1--12},
	year = {2017}
}

@article{shaw2002super,
	title={Super-exponential extinction of radiation in a negatively correlated random medium},
	author={Shaw, Raymond A and Kostinski, Alexander B and Lanterman, Daniel D},
	journal={Journal of quantitative spectroscopy and radiative transfer},
	volume={75},
	number={1},
	pages={13--20},
	year={2002},
	publisher={Elsevier}
}

@incollection{smits1992newton,
	title={Newton’s colors: simulating interference phenomena in realistic image synthesis},
	author={Smits, Brian E and Meyer, Gary W},
	booktitle={Photorealism in Computer Graphics},
	pages={185--194},
	year={1992},
	publisher={Springer}
}

@inproceedings{stam1999diffraction,
	title={Diffraction shaders},
	author={Stam, Jos},
	booktitle={Proceedings of the 26th annual conference on Computer graphics and interactive techniques},
	pages={101--110},
	year={1999}
}

@inproceedings{stam2001illumination,
	title = {{An Illumination Model for a Skin Layer Bounded by Rough Surfaces}},
	author = {Stam, Jos},
	booktitle = {Eurographics Workshop on Rendering Techniques},
	pages = {39--52},
	year = {2001}
}

@inproceedings{steinberg2019analytic,
	title={Analytic Spectral Integration of Birefringence-Induced Iridescence},
	author={Steinberg, Shlomi},
	booktitle={Computer Graphics Forum},
	volume={38},
	number={4},
	pages={97--110},
	year={2019},
	organization={Wiley Online Library}
}

@article{toisoul2017practical,
	title={Practical acquisition and rendering of diffraction effects in surface reflectance},
	author={Toisoul, Antoine and Ghosh, Abhijeet},
	journal={ACM Transactions on Graphics (TOG)},
	volume={36},
	number={5},
	pages={1--16},
	year={2017},
	publisher={ACM New York, NY, USA}
}

@book{tsang1985theory,
	title={Theory of microwave remote sensing},
	author={Tsang, Leung and Kong, Jin Au and Shin, Robert T},
	year={1985},
	publisher={John Wiley \& Sons}
}

@misc{uci-thesis-latex,
	title = {{LaTeX Template for Thesis and Dissertation Documents at UC Irvine}},
	author = {Otten, Lars},
	howpublished = {\url{https://github.com/lotten/uci-thesis-latex/}},
	year = {2012}
}

@phdthesis{veach1997robust,
	title = {{Robust Monte Carlo Methods for Light Transport Simulation}},
	author = {Veach, Eric},
	school = {Stanford University},
	year = {1997}
}

@inproceedings{walter2007microfacet,
	title = {{Microfacet Models for Refraction Through Rough Surfaces}},
	author = {Walter, Bruce and Marschner, Stephen R and Li, Hongsong and Torrance, Kenneth E},
	booktitle = {Proceedings of the 18th Eurographics Conference on Rendering Techniques},
	pages = {195--206},
	year = {2007}
}

@article{walter2009single,
	title = {{Single Scattering in Refractive Media with Triangle Mesh Boundaries}},
	author = {Walter, Bruce and Zhao, Shuang and Holzschuch, Nicolas and Bala, Kavita},
	journal = {ACM Transactions on Graphics},
	volume = {28},
	number = {3},
	pages = {1--8},
	year = {2009}
}

@article{waterman1965matrix,
	title={Matrix formulation of electromagnetic scattering},
	author={Waterman, PC},
	journal={Proceedings of the IEEE},
	volume={53},
	number={8},
	pages={805--812},
	year={1965},
	publisher={IEEE}
}

@inproceedings{weidlich2007arbitrarily,
	title = {{Arbitrarily Layered Micro-facet Surfaces}},
	author = {Weidlich, Andrea and Wilkie, Alexander},
	booktitle = {Proceedings of the 5th International Conference on Computer Graphics and Interactive Techniques in Australia and Southeast Asia},
	pages = {171--178},
	year = {2007}
}

@article{werner2017scratch,
	title={Scratch iridescence: Wave-optical rendering of diffractive surface structure},
	author={Werner, Sebastian and Velinov, Zdravko and Jakob, Wenzel and Hullin, Matthias B},
	journal={ACM Transactions on Graphics (TOG)},
	volume={36},
	number={6},
	pages={1--14},
	year={2017},
	publisher={ACM New York, NY, USA}
}
@article{wu1977scattering,
	title={Scattering by arbitrarily cross-sectioned layered, lossy dielectric cylinders},
	author={Wu, Te-Kao and Tsai, L},
	journal={IEEE Transactions on Antennas and Propagation},
	volume={25},
	number={4},
	pages={518--524},
	year={1977},
	publisher={IEEE}
}

@inproceedings{wilkie2001combined,
	title={Combined rendering of polarization and fluorescence effects},
	author={Wilkie, Alexander and Tobler, Robert F and Purgathofer, Werner},
	booktitle={Eurographics Workshop on Rendering Techniques},
	pages={197--204},
	year={2001},
	organization={Springer}
}

@article{xia2020wave,
	title={A wave optics based fiber scattering model},
	author={Xia, Mengqi and Walter, Bruce and Michielssen, Eric and Bindel, David and Marschner, Steve},
	journal = {ACM Trans. Graph.},
	volume={39},
	number={6},
	pages={1--16},
	year={2020},
	publisher={ACM New York, NY, USA}
}

@article{yan2018rendering,
	title={Rendering specular microgeometry with wave optics},
	author={Yan, Ling-Qi and Ha{\v{s}}an, Milo{\v{s}} and Walter, Bruce and Marschner, Steve and Ramamoorthi, Ravi},
	journal={ACM Transactions on Graphics (TOG)},
	volume={37},
	number={4},
	pages={1--10},
	year={2018},
	publisher={ACM New York, NY, USA}
}

@article{zeltner2018layer,
	title = {{The Layer Laboratory: A Calculus for Additive and Subtractive Composition of Anisotropic Surface Reflectance}},
	author = {Zeltner, Tizian and Jakob, Wenzel},
	journal = {ACM Transactions on Graphics},
	volume = {37},
	number = {4},
	pages = {1--14},
	year = {2018}
}

@article{zhao2011building,
	title = {{Building Volumetric Appearance Models of Fabric Using Micro CT Imaging}},
	author = {Zhao, Shuang and Jakob, Wenzel and Marschner, Steve and Bala, Kavita},
	journal = {ACM Transactions on Graphics},
	volume = {30},
	number = {4},
	pages = {1--10},
	year = {2011}
} 

